<record><leader>00000cas a2200000 a 4500</leader><controlfield tag="001">11900799</controlfield><controlfield tag="008">850410d19001901ksuwr ne      0    0eng d</controlfield><datafield ind1=" " ind2=" " tag="010"><subfield code="a">sn 85030281 </subfield></datafield><datafield ind1=" " ind2=" " tag="040"><subfield code="a">KSH</subfield><subfield code="b">eng</subfield><subfield code="c">KSH</subfield><subfield code="d">NPT</subfield><subfield code="d">OCL</subfield><subfield code="d">OCLCQ</subfield></datafield><datafield ind1=" " ind2=" " tag="042"><subfield code="a">msc</subfield></datafield><datafield ind1="0" ind2=" " tag="130"><subfield code="a">Meade globe (Meade, Kan. : 1900)</subfield></datafield><datafield ind1="1" ind2="0" tag="245"><subfield code="a">Meade globe.</subfield></datafield><datafield ind1=" " ind2=" " tag="260"><subfield code="a">Meade, Kan. :</subfield><subfield code="b">Globe Print. Co.,</subfield><subfield code="c">1900-1901.</subfield></datafield><datafield ind1=" " ind2=" " tag="300"><subfield code="a">1 v. :</subfield><subfield code="b">ill. ;</subfield><subfield code="c">59 cm.</subfield></datafield><datafield ind1=" " ind2=" " tag="310"><subfield code="a">Weekly</subfield></datafield><datafield ind1="0" ind2=" " tag="362"><subfield code="a">Vol. 15, no. 33 (Feb. 1, 1900)-v. 15, no. 44 (Apr. 10, 1901).</subfield></datafield><datafield ind1=" " ind2=" " tag="752"><subfield code="a">United States</subfield><subfield code="b">Kansas</subfield><subfield code="c">Meade</subfield><subfield code="d">Meade.</subfield></datafield><datafield ind1="0" ind2="0" tag="780"><subfield code="t">Meade County globe</subfield><subfield code="w">(DLC)sn 85030280</subfield></datafield><datafield ind1="0" ind2="0" tag="785"><subfield code="t">Globe (Meade, Kan.)</subfield><subfield code="w">(DLC)sn 85030282</subfield></datafield></record>